@misc{libthreaddb,
title={Man pages Section 3: Threads and Realtime Library Functions: {libthread\_db(3THR)}},
author={{Sun Microsystems}},
year={1998},
note={\url{http://docs.oracle.com/cd/E19455-01/806-0630/6j9vkb8dk/index.html}}
}

@inproceedings{Cownie:2003:DOD:1761900.1761915,
 author = {Cownie, James and DelSignore, John and de Supinski, Bronis R. and Warren, Karen},
 title = {{DMPL}: an {OpenMP DLL} debugging interface},
 booktitle = {Proceedings of the OpenMP applications and tools 2003 international conference on OpenMP shared memory parallel programming},
 series = {WOMPAT'03},
 year = {2003},
 isbn = {3-540-40435-X},
 location = {Toronto, Canada},
 pages = {137--146},
 numpages = {10},
 url = {http://dl.acm.org/citation.cfm?id=1761900.1761915},
 acmid = {1761915},
 publisher = {Springer-Verlag},
 address = {Berlin, Heidelberg},
} 


@inproceedings{CownieGropp99,
 author = {James Cownie and William Gropp},
 title = {A Standard Interface for Debugger Access to Message Queue Information in {MPI}},
 booktitle = {Proceedings of {PVMMPI'99}},
 year = {1999},
 pages = {51--58},
 note={\url{http://www.mcs.anl.gov/research/projects/mpi/mpi-debug/eurompi-paper.ps.gz}}
} 

@inproceedings{Tallent:PPoPP09,
 author = {Tallent, Nathan R. and Mellor-Crummey, John M.},
 title = {Effective performance measurement and analysis of multithreaded applications},
 booktitle = {Proceedings of the 14th {ACM SIGPLAN} Symposium on Principles and Practice of Parallel Programming},
 series = {PPoPP '09},
 year = {2009},
 isbn = {978-1-60558-397-6},
 location = {Raleigh, NC, USA},
 pages = {229--240},
 numpages = {12},
 url = {http://doi.acm.org/10.1145/1504176.1504210},
 doi = {10.1145/1504176.1504210},
 acmid = {1504210},
 publisher = {ACM},
 address = {New York, NY, USA},
 keywords = {call path profiling, hpctoolkit, multithreaded programming models, performance analysis},
} 

@inproceedings{Tallent:PPoPP10,
 author = {Tallent, Nathan R. and Mellor-Crummey, John M. and Porterfield, Allan},
 title = {Analyzing lock contention in multithreaded applications},
 booktitle = {Proceedings of the 15th {ACM SIGPLAN} Symposium on Principles and Practice of Parallel Programming},
 series = {PPoPP '10},
 year = {2010},
 isbn = {978-1-60558-877-3},
 location = {Bangalore, India},
 pages = {269--280},
 numpages = {12},
 url = {http://doi.acm.org/10.1145/1693453.1693489},
 doi = {10.1145/1693453.1693489},
 acmid = {1693489},
 publisher = {ACM},
 address = {New York, NY, USA},
 keywords = {hpctoolkit, lock contention, multithreading, performance analysis},
} 

@misc{SunCollector,
title={An {OpenMP} Runtime {API} for Profiling},
author={Marty Itzkowitz and Oleg Mazurov and Nawal Copty and Yuan Lin},
note={Sun Microsystems, Inc.. OpenMP ARB White Paper.
Available online at \url{http://www.compunity.org/futures/omp-api.html}}
}

@ARTICLE{Mohr:JOS:02,
    author = {Bernd Mohr and Allen D. Malony and Sameer Shende and Felix Wolf},
    title = {Design and prototype of a performance tool interface for {OpenMP}},
    journal = {The Journal of Supercomputing},
    year = {2002},
    volume = {23},
    pages = {105--128}
}


@inproceedings{Mohr:EWOMP02,
    author = {Bernd Mohr and Allen D. Malony and Hans-Christian Hoppe and Frank Schlimbach and Grant Haab and Jay Hoeflinger and 
Sanjiv Shah},
    title = {A Performance Monitoring Interface for {OpenMP}},
    booktitle = {Proceedings of the Fourth {European} Workshop on {OpenMP}},
    address={Rome, Italy},
    year = {2002}
}

@inproceedings{Jost:2005:AND:1892830.1892858,
 author = {Jost, Gabriele and Mazurov, Oleg and {an Mey}, Dieter},
 title = {Adding new dimensions to performance analysis through user-defined objects},
 booktitle = {Proceedings of the 2005 and 2006 International Conference on {OpenMP} shared memory parallel programming},
 series = {IWOMP'05/IWOMP'06},
 year = {2008},
 isbn = {3-540-68554-5, 978-3-540-68554-8},
 location = {Eugene, OR, USA},
 pages = {255--266},
 numpages = {12},
 url = {http://dl.acm.org/citation.cfm?id=1892830.1892858},
 acmid = {1892858},
 publisher = {Springer-Verlag},
 address = {Berlin, Heidelberg},
}


